
@misc{blog:china1,
  author       = {Article19},
  title        = {Emotion Recognition Technology: A Threat to Free Speech, Equality and Privacy},
  month        = {January},
  year         = {2021},
  howpublished = "\url{https://www.article19.org/resources/emotion-recognition-technology/}"
}

@misc{blog:china2,
  author       = {Rest of World},
  title        = {China is home to a growing market for dubious “emotion recognition” technology},
  month        = {January},
  year         = {2021},
  howpublished = "\url{https://restofworld.org/2021/chinas-emotion-recognition-tech/}",
}

@misc{blog:china3,
  author       = {The Disconnect},
  title        = {Camera above the Classroom},
  year         = {2019},
  howpublished = "\url{https://thedisconnect.co/three/camera-above-the-classroom/}",
}

@misc{blog:disney,
  author       = {Gizmodo},
  title        = {Disney Is Building Facial Recognition to Figure Out When You'll Laugh During \textit{Toy Story 5}},
  month        = {July},
  year         = {2017},
  howpublished = "\url{https://gizmodo.com/disney-is-building-facial-recognition-to-figure-out-whe-1797267294}",
}

@misc{blog:emotion,
  author       = {Bleed AI},
  title        = {Emotion/Facial Expression Recognition with OpenCV},
  howpublished = {\url{https://bleedai.com/facial-expression-recognition-emotion-recognition-with-opencv/}},
  year         = {2020}
}

@misc{blog:facial_recognition,
  author       = {Algorithmia},
  title        = {Introduction to Facial Emotion Recognition},
  month        = {February},
  year         = {2018},
  howpublished = "\url{https://algorithmia.com/blog/introduction-to-emotion-recognition}"
}

@misc{blog:terrorism,
  author       = {Ars Technica},
  title        = {The premature quest for AI-powered facial recognition to simplify screening},
  month        = {February},
  year         = {2017},
  howpublished = "\url{https://arstechnica.com/information-technology/2017/06/security-obsessed-wait-but-can-ai-learn-to-spot-the-face-of-a-liar/}",
}

@misc{dataset:affwild,
  author       = {ibug: Intelligent Behaviour Understanding Group},
  title        = {First Affect-in-the-Wild Challenge},
  howpublished = {\url{https://ibug.doc.ic.ac.uk/resources/first-affect-wild-challenge/}},
  year         = {2017}
}

@misc{dataset:haar,
  author       = {Lalitha Rajesh},
  title        = {Haarcascades},
  howpublished = {\url{https://www.kaggle.com/lalitharajesh/haarcascades}}
}

@misc{dataset:landmark,
  author       = {dlib},
  title        = {shape\_predictor\_68\_face\_landmarks},
  howpublished = {\url{http://dlib.net/files/shape_predictor_68_face_landmarks.dat.bz2}}
}

@article{emotion_classification,
author = {Şahaboğlu, Şule},
year = {2019},
month = {06},
pages = {},
title = {A RESEARCH ON THE MACHINE LEARNING ALGORITHMS' APPLICATIONS ON BRAIN DATA ANALYSIS}
}

@misc{landmark:guide,
  author       = {Sefiks},
  title        = {Facial Landmarks for Face Recognition with Dlib},
  howpublished = {\url{https://sefiks.com/2020/11/20/facial-landmarks-for-face-recognition-with-dlib/}},
  month        = {November},
  year         = {2020}
}

@misc{roc,
  author       = {CodeSpeedy},
  title        = {How to plot ROC Curve using Sklearn library in Python},
  howpublished = {\url{https://www.codespeedy.com/how-to-plot-roc-curve-using-sklearn-library-in-python/}}
}